<?xml version="1.0" encoding="UTF-8"?><collection xmlns="http://www.loc.gov/MARC21/slim"><record><leader>00363nam--2200133-i-4500</leader><controlfield tag="001">000035955</controlfield><controlfield tag="002">20161230</controlfield><controlfield tag="005">20161230201040</controlfield><controlfield tag="008">060222s1000------------r-----000-0-eng-d</controlfield><datafield ind1=" " ind2=" " tag="080"><subfield code="a">616-07:621.039.83</subfield></datafield><datafield ind1=" " ind2=" " tag="245"><subfield code="a">Nuclear medicine review syllabus</subfield></datafield><datafield ind1=" " ind2=" " tag="260"><subfield code="a">New York, Society Of Nuclear Medicine, 1980. X+619p</subfield></datafield><datafield ind1=" " ind2=" " tag="700"><subfield code="a">Kirchner, Peter T. /S.A.</subfield></datafield><datafield ind1=" " ind2=" " tag="852"><subfield code="a">70480</subfield></datafield></record></collection>